% This file was created with JabRef 2.9b2.
% Encoding: ISO8859_1


@article{shu_2020, 
title={Essentially non-oscillatory and weighted essentially non-oscillatory schemes}, 
volume = {29}, 
DOI={10.1017/S0962492920000057}, 
journal={Acta Numerica}, 
publisher={Cambridge University Press}, 
author={Shu, Chi-Wang}, 
year={2020}, 
pages={701â€“762}}


@incollection{harten1987uniformly,
  title={Uniformly high order accurate essentially non-oscillatory schemes, III},
  author={Harten, Ami and Engquist, Bjorn and Osher, Stanley and Chakravarthy, Sukumar R},
  booktitle={Upwind and high-resolution schemes},
  pages={218--290},
  year={1987},
  publisher={Springer}
}